@online{wiki_pearson,
	author = {{Wikimedia Foundation}},
	title="{Pearson product-moment correlation coefficient}",
	howpublished="\url{https://en.wikipedia.org/wiki/Pearson_product-moment_correlation_coefficient}",
	url="\url{https://en.wikipedia.org/wiki/Pearson_product-moment_correlation_coefficient}"
}
